<?xml version="1.0"?>
<records xmlns="http://www.openarchives.org/OAI/2.0/">
  <record>
    <header>
      <identifier>oai:mst.rochester.edu:12</identifier>
    </header>
    <metadata>
      <marc:record xmlns:marc="http://www.loc.gov/MARC21/slim" xmlns:xsi="http://www.w3.org/2001/XMLSchema-instance" xsi:schemaLocation="http://www.loc.gov/MARC21/slim http://www.loc.gov/standards/marcxml/schema/MARC21slim.xsd">
        <marc:leader>01459ccm a2200349 a 45 A</marc:leader>
        <marc:controlfield tag="001">1188184</marc:controlfield>
        <marc:controlfield tag="003">NRU</marc:controlfield>
        <marc:controlfield tag="008">851125s1909    au sga         n    ger d</marc:controlfield>
        <marc:datafield tag="028" ind1="2" ind2="0">
          <marc:subfield code="a">U.E. 2547</marc:subfield>
          <marc:subfield code="b">Universal-Edition</marc:subfield>
        </marc:datafield>
        <marc:datafield tag="028" ind1="3" ind2="0">
          <marc:subfield code="a">2547</marc:subfield>
          <marc:subfield code="b">Universal-Edition</marc:subfield>
        </marc:datafield>
        <marc:datafield tag="035" ind1=" " ind2=" ">
          <marc:subfield code="b">ocm</marc:subfield>
          <marc:subfield code="a">12845705 </marc:subfield>
        </marc:datafield>
        <marc:datafield tag="035" ind1=" " ind2=" ">
          <marc:subfield code="9">01137748</marc:subfield>
        </marc:datafield>
        <marc:datafield tag="040" ind1=" " ind2=" ">
          <marc:subfield code="a">QWC</marc:subfield>
          <marc:subfield code="c">QWC</marc:subfield>
          <marc:subfield code="d">m/c</marc:subfield>
          <marc:subfield code="d">RER</marc:subfield>
        </marc:datafield>
        <marc:datafield tag="048" ind1=" " ind2=" ">
          <marc:subfield code="a">vj01</marc:subfield>
          <marc:subfield code="a">ka01</marc:subfield>
        </marc:datafield>
        <marc:datafield tag="049" ind1=" " ind2=" ">
          <marc:subfield code="a">RERA</marc:subfield>
        </marc:datafield>
        <marc:datafield tag="090" ind1=" " ind2=" ">
          <marc:subfield code="a">M1620</marc:subfield>
          <marc:subfield code="b">.S378</marc:subfield>
        </marc:datafield>
        <marc:datafield tag="099" ind1=" " ind2=" ">
          <marc:subfield code="a">M1620 .S378</marc:subfield>
        </marc:datafield>
        <marc:datafield tag="100" ind1="1" ind2=" ">
          <marc:subfield code="a">Schreker, Franz,</marc:subfield>
          <marc:subfield code="d">1878-1934.</marc:subfield>
        </marc:datafield>
        <marc:datafield tag="240" ind1="1" ind2="0">
          <marc:subfield code="a">Gesa&#x308;nge</marc:subfield>
          <marc:subfield code="n">(1909)</marc:subfield>
        </marc:datafield>
        <marc:datafield tag="245" ind1="0" ind2="0">
          <marc:subfield code="a">Fu&#x308;nf Gesa&#x308;nge</marc:subfield>
          <marc:subfield code="b">fu&#x308;r eine tiefe Singstimme und Klavier.</marc:subfield>
        </marc:datafield>
        <marc:datafield tag="260" ind1=" " ind2=" ">
          <marc:subfield code="a">Wien :</marc:subfield>
          <marc:subfield code="b">Universal-Edition,</marc:subfield>
          <marc:subfield code="c">c1909.</marc:subfield>
        </marc:datafield>
        <marc:datafield tag="300" ind1=" " ind2=" ">
          <marc:subfield code="a">score (15 p.) ;</marc:subfield>
          <marc:subfield code="c">31 cm.</marc:subfield>
        </marc:datafield>
        <marc:datafield tag="500" ind1=" " ind2=" ">
          <marc:subfield code="a">For low voice and piano.</marc:subfield>
        </marc:datafield>
        <marc:datafield tag="500" ind1=" " ind2=" ">
          <marc:subfield code="a">Publisher's no.: Universal-Edition No. 2547.</marc:subfield>
        </marc:datafield>
        <marc:datafield tag="500" ind1=" " ind2=" ">
          <marc:subfield code="a">Words from the Thousand and one nights (1st song); by Edith Ronsperger (2nd-5th songs).</marc:subfield>
        </marc:datafield>
        <marc:datafield tag="505" ind1="0" ind2=" ">
          <marc:subfield code="a">Ich frag' nach dir jedwede Morgensonne -- Dies aber kann mein Sehnen nimmer fassen -- Die Dunkelheit sinkt schwer wie Blei -- Sie sind so scho&#x308;n, die milden, sonnenreichen -- Einst gibt ein Tag mir alles Glu&#x308;ck zu eigen.</marc:subfield>
        </marc:datafield>
        <marc:datafield tag="590" ind1=" " ind2=" ">
          <marc:subfield code="a">Sibley Music Library copy bound with Schreker, Acht Lieder, op. 7 (1906); Zwei Gesa&#x308;nge, op. 2 (190-); Fu&#x308;nf Lieder, op. 4 (190-); Zwei Lieder, op. 5 (190-).</marc:subfield>
        </marc:datafield>
        <marc:datafield tag="650" ind1=" " ind2="0">
          <marc:subfield code="a">Songs (Low voice) with piano.</marc:subfield>
        </marc:datafield>
        <marc:datafield tag="700" ind1="1" ind2=" ">
          <marc:subfield code="a">Ronsperger, Edith.</marc:subfield>
        </marc:datafield>
        <marc:datafield tag="910" ind1=" " ind2=" ">
          <marc:subfield code="a">  950805         </marc:subfield>
        </marc:datafield>
        <marc:datafield tag="911" ind1=" " ind2=" ">
          <marc:subfield code="a">u</marc:subfield>
        </marc:datafield>
        <marc:datafield tag="966" ind1=" " ind2=" ">
          <marc:subfield code="l">/Stack</marc:subfield>
          <marc:subfield code="m">SMONO </marc:subfield>
          <marc:subfield code="s">M1620 .S378</marc:subfield>
          <marc:subfield code="c"> 1</marc:subfield>
          <marc:subfield code="b">39087012014470</marc:subfield>
        </marc:datafield>
      </marc:record>
    </metadata>
  </record>
</records>
